@misc{BBCSpeedCameraDoubled,
    author = {{BBC News}},
    title = {Average-speed camera coverage in UK 'doubles' in three years},
    date = {31},
    month = {May},
    year = {2016},
    language = {English},
    organization = {BBC},
    howpublished = {{Available online: 
    \url{https://www.bbc.co.uk/news/uk-36399408} [Accessed 26/10/2021]}},
}

@misc{RoadVehiclesSI,
    author = {David Jamieson},
    title = {{The Road Vehicles (Construction and Use)
    Regulations 1986 (amended 2003)}},
    date = {18},
    language = {English},
    howpublished = {Available online: 
    \url{https://uk.westlaw.com/Document/I7E55A020E42311DAA7CF8F68F6EE57AB/View/FullText.html}
     [Accessed 26/10/2021]},
    type = {Statutory Instrument},
    organization = {HM Government},
    location = {London, United Kingdom},
    month = {July},
    year = {1986},
}

@misc{CodeDeLaRoute,
    author = {Légifrance},
    title = {Code de la route, Article R413-15},
    date = {5},
    language = {French},
    howpublished = {Available online: 
    \url{https://www.legifrance.gouv.fr/codes/article_lc/LEGIARTI000025111528/2021-10-14}
     [Accessed 14/10/2021]},
    type = {Criminal Law},
    organization = {Gouvernement de la République française},
    location = {France},
    month = {January},
    year = {2012},
}

@misc{FlutterWebsite,
    author = {{Google LLC}},
    title = {Flutter},
    date = {12},
    subtitle = {Flutter is Google's UI toolkit for building beautiful, natively 
    compiled applications for mobile, web, desktop, and embedded devices from a 
    single codebase.},
    language = {English},
    howpublished = {Available online: \url{https://flutter.dev/} [Accessed 
    13/10/2021]},
    month = {October},
    year = {2021},
}

@misc{UnoWebsite,
    author = {{nventive Inc.}},
    title = {UNO Platform},
    subtitle = {Pixel-Perfect Multi-Platform Applications with C# and WinUI.},
    language = {English},
    howpublished = {Available online: \url{https://platform.uno/} [Accessed
    14/10/2021]},
    year = {2021},
}

@misc{MAUIWebsite,
    author = {{.NET Foundation Contributors}},
    title = {.NET Multi-platform App UI (.NET MAUI)},
    date = {12},
    subtitle = {.NET MAUI is the .NET Multi-platform App UI, a framework for 
    building native device applications spanning mobile, tablet, and desktop.},
    language = {English},
    howpublished = {Available online: \url{https://github.com/dotnet/maui} 
    [Accessed 14/10/2021]},
    month = {October},
    year = {2021},
}

@misc{HullEthicsPolicy,
author = {Danielle Smith and David Richards},
title = {Research Ethics Policy},
date = {29},
subtitle = {This document sets out to articulate the ethical principles by 
which all research activities must abide.},
language = {English},
howpublished = {Available online: \url{https://www.hull.ac.uk/work-with-us/research/site-elements/docs/research-ethics-policy.pdf} [Accessed 20/10/2021]},
organization = {The University of Hull},
location = {Kingston-upon-Hull},
month = {November},
year = {2017},
}

@misc{ScrumForOne,
    author = {{Lucid Content Team}},
    title = {Scrum for one: A tutorial on adapting Agile Scrum methodology for 
    individuals},
    language = {English},
    howpublished = {Available online: 
    \url{https://www.lucidchart.com/blog/scrum-for-one} [Accessed 26/10/2021]},
    year = {n.d.},
}

@misc{AgileManifesto,
    title        = {Manifesto for Agile Software Development},
    author       = {Kent Beck and Mike Beedle and Arie van Bennekum and Alistair Cockburn and Ward Cunningham and Martin Fowler and James Grenning and Jim Highsmith and Andrew Hunt and Ron Jeffries and Jon Kern and Brian Marick and Robert C. Martin and Steve Mellor and Ken Schwaber and Jeff Sutherland and Dave Thomas},
    year         = {2001},
    subtitle     = {We are uncovering better ways of developing software by doing it and helping others do it. These are our values and principles.},
    language     = {English},
    howpublished = {Available online: \url{https://agilemanifesto.org/} [Accessed 17/10/2021]}
}


@misc{MobileMarketShare,
    author = {{Statcounter Limited}},
    title = {Mobile Operating System Market Share Worldwide},
    language = {English},
    howpublished = {Available online: \url{https://gs.statcounter.com/os-market-share/mobile/worldwide} [Accessed 17/10/2021]},
    year = {2021},
}


@misc{AndroidJetpack,
    author = {{Google LLC}},
    title = {Android Jetpack},
    date = {29},
    language = {English},
    howpublished = {Available online: \url{https://github.com/androidx/androidx} [Accessed 29/10/2021]},
    month = {10},
    year = {2021},
}

@misc{AppleDevProgram,
    author = {{Apple Inc.}},
    title = {Enrollment - Support - Apple Developer Program},
    language = {English},
    howpublished = {Available online: \url{https://developer.apple.com/support/enrollment/} [Accessed 18/10/2021]},
    year = {n.d.},
}

@misc{KotlinFirst,
    author={Frederic Lardinois},
    year={2019},
    date={7},
    month={5},
    title={Kotlin is now Google’s preferred language for Android app development},
    journal={TechCrunch},
    abstract={Google today announced that the Kotlin programming language is now its preferred language for Android app developers.},
    howpublished = {Available online: \url{https://techcrunch.com/2019/05/07/kotlin-is-now-googles-preferred-language-for-android-app-development/} [Accessed 17/10/2021]},
}

@misc{KotlinPreferred,
    author={Maxim Shafirov},
    date={17},
    year={2017},
    month={05},
    title={Kotlin on Android. Now official},
    abstract={Today, at the Google I/O keynote, the Android team announced first-class support for Kotlin.},
    howpublished = {Available online: \url{https://blog.jetbrains.com/kotlin/2017/05/kotlin-on-android-now-official/} [Accessed 17/10/2021]},
}

@misc{KotlinAnnounced,
    author={Paul Krill},
    date={22},
    year={2011},
    month={7},
    title={JetBrains readies JVM-based language},
    journal={InfoWorld.com},
    howpublished={Available online: \url{https://web.archive.org/web/20190907161741/https://www.infoworld.com/article/2622405/jetbrains-readies-jvm-based-language.html} [Accessed 17/10/2021]}
}

@misc{GovUKSpeedLimits,
    title={{Speed limits - GOV.UK}},
    author={{GOV.UK}},
    year={n.d.},
    howpublished={Available online: \url{https://www.gov.uk/speed-limits} [Accessed 4/11/2021]}
}

@misc{GoogleAssistant,
    title={{Google Assistant, your own personal Google}},
    author={{Google LLC}},
    year={n.d.},
    howpublished={Available online: \url{https://assistant.google.com/} [Accessed 4/11/2021]}
}

@misc{AppleSiri,
    title={{Siri does more than ever. Even before you ask.}},
    author={{Apple Inc.}},
    year={n.d.},
    howpublished={Available online: \url{https://www.apple.com/uk/siri/} [Accessed 4/11/2021]}
}

@misc{specsjenop,
    title={SPECS - JENOPTIK},
    author={{Jenoptik Traffic Solutions UK}},
    year={n.d.},
    abstract={Safer, smoother, greener and fairer: improving journeys using average speed enforcement.},
    howpublished={Available online: \url{https://www.jenoptik.co.uk/product/specs/} [Accessed 27/10/2021]}
}

@techreport{owenAllsop,
    author={Richard Owen and George Ursachi and Richard Allsop},
    year={2016},
    month={September},
    title={The Effectiveness of Average Speed Cameras in Great Britain},
    institution={Royal Automobile Club Foundation},
    url={https://www.racfoundation.org/wp-content/uploads/2017/11/Average_speed_camera_effectiveness_Owen_Ursachi_Allsop_September_2016.pdf},
    doi={10.13140/rg.2.2.18148.58245}
}
