@misc{BBCSpeedCameraDoubled,
    author = {{BBC News}},
    title = {Average-speed camera coverage in UK 'doubles' in three years},
    date = {31},
    month = {May},
    year = {2016},
    language = {English},
    organization = {BBC},
    howpublished = {{Available online: 
    \url{https://www.bbc.co.uk/news/uk-36399408} [Accessed 26/10/2021]}},
}

@misc{RoadVehiclesSI,
    author = {David Jamieson},
    title = {{The Road Vehicles (Construction and Use)
    Regulations 1986 (amended 2003)}},
    date = {18},
    language = {English},
    howpublished = {Available online: 
    \url{https://uk.westlaw.com/Document/I7E55A020E42311DAA7CF8F68F6EE57AB/View/FullText.html}
     [Accessed 26/10/2021]},
    type = {Statutory Instrument},
    organization = {HM Government},
    location = {London, United Kingdom},
    month = {July},
    year = {1986},
}

@misc{CodeDeLaRoute,
    author = {Légifrance},
    title = {Code de la route, Article R413-15},
    date = {5},
    language = {French},
    howpublished = {Available online: 
    \url{https://www.legifrance.gouv.fr/codes/article_lc/LEGIARTI000025111528/2021-10-14}
     [Accessed 14/10/2021]},
    type = {Criminal Law},
    organization = {Gouvernement de la République française},
    location = {France},
    month = {January},
    year = {2012},
}

@misc{FlutterWebsite,
    author = {{Google LLC}},
    title = {Flutter},
    date = {12},
    subtitle = {Flutter is Google's UI toolkit for building beautiful, natively 
    compiled applications for mobile, web, desktop, and embedded devices from a 
    single codebase.},
    language = {English},
    howpublished = {Available online: \url{https://flutter.dev/} [Accessed 
    13/10/2021]},
    month = {October},
    year = {2021},
}

@misc{dartWebsite,
	author = {{Dart project authors}},
	title = {Dart programming language},
	language = {English},
	howpublished = {Available online: \url{https://dart.dev/} [Accessed 
	25/04/2022]},
	year = {2022},
}

@misc{UnoWebsite,
    author = {{nventive Inc.}},
    title = {UNO Platform},
    subtitle = {Pixel-Perfect Multi-Platform Applications with C# and WinUI.},
    language = {English},
    howpublished = {Available online: \url{https://platform.uno/} [Accessed
    14/10/2021]},
    year = {2021},
}

@misc{MAUIWebsite,
    author = {{.NET Foundation Contributors}},
    title = {.NET Multi-platform App UI (.NET MAUI)},
    date = {12},
    subtitle = {.NET MAUI is the .NET Multi-platform App UI, a framework for 
    building native device applications spanning mobile, tablet, and desktop.},
    language = {English},
    howpublished = {Available online: \url{https://github.com/dotnet/maui} 
    [Accessed 14/10/2021]},
    month = {October},
    year = {2021},
}

@misc{HullEthicsPolicy,
    author = {Danielle Smith and David Richards},
    title = {Research Ethics Policy},
    date = {29},
    subtitle = {This document sets out to articulate the ethical principles by which all research activities must abide.},
    language = {English},
    howpublished = {Available online: \url{https://www.hull.ac.uk/work-with-us/research/site-elements/docs/research-ethics-policy.pdf} 	[Accessed 20/10/2021]},
    organization = {The University of Hull},
    location = {Kingston-upon-Hull},
    month = {November},
    year = {2017},
}

@misc{ScrumForOne,
    author = {{Lucid Content Team}},
    title = {Scrum for one: A tutorial on adapting Agile Scrum methodology for 
    individuals},
    language = {English},
    howpublished = {Available online: 
    \url{https://www.lucidchart.com/blog/scrum-for-one} [Accessed 26/10/2021]},
    year = {n.d.},
}

@misc{AgileManifesto,
    title        = {Manifesto for Agile Software Development},
    author       = {Kent Beck and Mike Beedle and Arie van Bennekum and Alistair Cockburn and Ward Cunningham and Martin Fowler and James Grenning and Jim Highsmith and Andrew Hunt and Ron Jeffries and Jon Kern and Brian Marick and Robert C. Martin and Steve Mellor and Ken Schwaber and Jeff Sutherland and Dave Thomas},
    year         = {2001},
    subtitle     = {We are uncovering better ways of developing software by doing it and helping others do it. These are our values and principles.},
    language     = {English},
    howpublished = {Available online: \url{https://agilemanifesto.org/} [Accessed 17/10/2021]}
}


@misc{MobileMarketShare,
    author = {{Statcounter Limited}},
    title = {Mobile Operating System Market Share Worldwide},
    language = {English},
    howpublished = {Available online: \url{https://gs.statcounter.com/os-market-share/mobile/worldwide} [Accessed 17/10/2021, 25/04/2022]},
    year = {2021},
}


@misc{AndroidJetpack,
    author = {{Google LLC}},
    title = {Android Jetpack},
    date = {29},
    language = {English},
    howpublished = {Available online: \url{https://github.com/androidx/androidx} [Accessed 29/10/2021]},
    month = {10},
    year = {2021},
}

@misc{AppleDevProgram,
    author = {{Apple Inc.}},
    title = {Enrollment - Support - Apple Developer Program},
    language = {English},
    howpublished = {Available online: \url{https://developer.apple.com/support/enrollment/} [Accessed 18/10/2021]},
    year = {n.d.},
}

@misc{KotlinFirst,
    author={Frederic Lardinois},
    year={2019},
    date={7},
    month={5},
    title={Kotlin is now Google’s preferred language for Android app development},
    journal={TechCrunch},
    abstract={Google today announced that the Kotlin programming language is now its preferred language for Android app developers.},
    howpublished = {Available online: \url{https://techcrunch.com/2019/05/07/kotlin-is-now-googles-preferred-language-for-android-app-development/} [Accessed 17/10/2021]},
}

@misc{KotlinPreferred,
    author={Maxim Shafirov},
    date={17},
    year={2017},
    month={05},
    title={Kotlin on Android. Now official},
    abstract={Today, at the Google I/O keynote, the Android team announced first-class support for Kotlin.},
    howpublished = {Available online: \url{https://blog.jetbrains.com/kotlin/2017/05/kotlin-on-android-now-official/} [Accessed 17/10/2021]},
}

@misc{KotlinAnnounced,
    author={Paul Krill},
    date={22},
    year={2011},
    month={7},
    title={JetBrains readies JVM-based language},
    journal={InfoWorld.com},
    howpublished={Available online: \url{https://web.archive.org/web/20190907161741/https://www.infoworld.com/article/2622405/jetbrains-readies-jvm-based-language.html} [Accessed 17/10/2021]}
}

@misc{GovUKSpeedLimits,
    title={{Speed limits - GOV.UK}},
    author={{GOV.UK}},
    year={n.d.},
    howpublished={Available online: \url{https://www.gov.uk/speed-limits} [Accessed 4/11/2021]}
}

@misc{GoogleAssistant,
    title={{Google Assistant, your own personal Google}},
    author={{Google LLC}},
    year={n.d.},
    howpublished={Available online: \url{https://assistant.google.com/} [Accessed 4/11/2021]}
}

@misc{AppleSiri,
    title={{Siri does more than ever. Even before you ask.}},
    author={{Apple Inc.}},
    year={n.d.},
    howpublished={Available online: \url{https://www.apple.com/uk/siri/} [Accessed 4/11/2021]}
}

@misc{specsjenop,
    title={SPECS - JENOPTIK},
    author={{Jenoptik Traffic Solutions UK}},
    year={n.d.},
    abstract={Safer, smoother, greener and fairer: improving journeys using average speed enforcement.},
    howpublished={Available online: \url{https://www.jenoptik.co.uk/product/specs/} [Accessed 27/10/2021]}
}


@techreport{owenAllsop,
    title={The Effectiveness of Average Speed Cameras in Great Britain},
    author={Richard Owen and George Ursachi and Richard Allsop},
    year={2016},
    month={September},
    institution={Royal Automobile Club Foundation},
    url={https://www.racfoundation.org/wp-content/uploads/2017/11/Average_speed_camera_effectiveness_Owen_Ursachi_Allsop_September_2016.pdf},
    doi={10.13140/rg.2.2.18148.58245}
}

@misc{googleMaps,
    title={{Google Maps: Explore and navigate your world}},
    author={{Google LLC}},
    year={n.d.},
    howpublished={Available online: \url{https://www.google.co.uk/maps/about/} [Accessed 25/11/2021]}
}

@misc{waze,
    title={Waze},
    author={{Waze Mobile}},
    year={2021},
    howpublished={Available online: \url{https://www.waze.com/} [Accessed 25/11/2021]}
}

@misc{appleMaps,
    title={Apple Maps: You’ll like where this is going.},
    author={{Apple Inc.}},
    year={2021},
    howpublished={Available online: \url{https://www.apple.com/uk/maps/} [Accessed 25/11/2021]}
}

@misc{dcam,
    title={{TRUVELO “D-CAM”}},
    author={{Truvelo Ltd.}},
    year={2020},
    howpublished={Available online: \url{https://www.truvelouk.com/products/d-cam-speed-red-light-camera/} [Accessed 25/11/2021]}
}

@misc{tomtomGo,
    title={Turn your phone into a TomTom device},
    author={{TomTom International BV.}},
    year={2021},
    howpublished={Available online: \url{https://www.tomtom.com/en_gb/navigation/mobile-apps/go-navigation-app/} [Accessed 25/11/2021]}
}

@misc{problemWithGradle,
    title={{The Problem with Gradle}},
    author={Bruce Eckel},
    year={2021},
    howpublished={Available online: \url{https://www.bruceeckel.com/2021/01/02/the-problem-with-gradle/} [Accessed 02/12/2021]}
}

@misc{SmartMotorways,
    title={{Smart motorways - what are they and how do you use them? | Video guide}},
    author={RAC},
    year={2022},
    month={January},
    date={19},
    howpublished={Available online: \url{https://www.rac.co.uk/drive/advice/driving-advice/smart-motorways/} [Accessed 25/01/2022]}
}

@misc{SpeedCameraInstalltion,
	title={How dangerous does a road have to be to get a speed camera?},
	author={ageas},
	year={2019},
	month={October},
	date={11},
	howpublished={Available online: \url{https://www.ageas.co.uk/solved/road-safety/how-dangerous-does-a-road-have-to-be-to-get-a-speed-camera/} [Accessed 25/01/2022]}
}

@misc{RSPGrantDetails,
	title={The Road Safety Partnership Grant Programme},
	subtitle={Summary Report of Impact of Round Two Projects and Progress on Later Projects},
	author={Barbara King and Simon Surtees-Goodall and Mike Jeanes},
	year={2011},
	month={March},
	howpublished={Available online: \url{https://assets.publishing.service.gov.uk/government/uploads/system/uploads/attachment_data/file/4004/report.pdf} [Accessed 25/01/2022]}
}

@article{IEEERadar,
	author={{IEEE}},
	journal={IEEE Std 521-2019 (Revision of IEEE Std 521-2002)},
	title={IEEE Standard Letter Designations for Radar-Frequency Bands},
	year={2020},
	volume={},
	number={},
	pages={1-15},
	doi={10.1109/IEEESTD.2020.8999849}
}

@book{HechtOptics,
	author = {Eugene Hecht},
	title = {Optics},
	year = {2002},
	edition = {Fourth Edition International},
	publisher = {Addison Wesley},
	location = {San Francisco},
	isbn = {0-321-18878-0},
}

@article{RadarNaming,
	title = {RADIO DETECTION AND RANGING},
	journal = {Nature},
	year = {1943},
	volume = {152},
	number = {3857},
	month = {October},
	date = {2},
	pages = {391-392},
	issn = {1476-4687},
	doi = {10.1038/152391b0},
	url = {https://doi.org/10.1038/152391b0},
	urldate = {27/01/2022},
}

@book{refIndxAir,
	author = {Michael de Podesta},
	title = {Understanding the properties of matter},
	year = {2002},
	edition = {Second Edition},
	publisher = {Taylor \& Francis},
	location = {London},
	isbn = {0-415-25787-5},
	pages = {131},
}

@misc{dopplerGerman,
	author = {Christian Doppler},
	title = {Über das farbige Licht der Doppelsterne und einiger anderer Gestirne des Himmels},
	subtitle = {Versuch einer das Bradley'sche Aberrations-Theorem als integrirenden Theil in sich schliessenden allgemeineren Theorie},
	year = {1842},
	publisher = {Verlag der Königl. Böhm. Gesellschaft der Wissenschaften},
	location = {Prague},
	language = {German},
	howpublished = {Originally published in \textit{Abhandlungen der k. böhm. Gesellschaft der Wissenschaften (V. Folge, Bd. 2, S. 465-482)}; the 1903 reprint is available online at \url{https://archive.org/details/ueberdasfarbigel00doppuoft/mode/2up} [Accessed 27/01/2022]}
}

@misc{dopplerWolff,
	author = {Christian Wolff},
	title = {Doppler- Effect},
	year = {n.d.},
	howpublished = {{Available online: \url{https://www.radartutorial.eu/11.coherent/co06.en.html} [Accessed 27/01/2022]}}
}

@misc{PNC,
	title = {Police National Computer services},
	author = {ACRO},
	year = {n.d.},
	howpublished = {{Available online: \url{https://www.acro.police.uk/PNC-services} [Accessed 27/01/2022]}}
}

@misc{ANPRNPCC,
    author = {NPCC},
    title = {Automatic Number Plate Recognition (ANPR)},
    subtitle = {Use of ANPR by police forces and other law enforcement agencies (LEA)},
    language = {English},
    year = {n.d.},
    howpublished = {{Available online: \url{https://www.npcc.police.uk/FreedomofInformation/ANPR.aspx} [Accessed 01/02/2022]}}
}

@misc{OCR,
    author = {Line Eikvil},
    title = {Optical Character Recognition},
    language = {English},
    year = {1993},
    howpublished = {{Available online: \url{https://citeseerx.ist.psu.edu/viewdoc/download?doi=10.1.1.217.4980&rep=rep1&type=pdf} [Accessed 01/02/2022]}}
}

@misc{cbASC,
	author = {Carbuyer},
	title = {Average speed cameras: how do they work?},
	year = {2021},
	month = {July},
	howpublished = {{Available online: \url{https://www.carbuyer.co.uk/tips-and-advice/160228/average-speed-cameras-how-do-they-work} [Accessed 22/02/2022]}}
}

@misc{accelerationForecasting,
    author = {Hesham Rakha and Ivana Lucic and Sergio Henrique Demarchie and José Reynaldo Setti and Michel Van Aerde},
    title = {Vehicle Dynamics Model for Predicting Maximum Truck Acceleration Levels},
    year = {2001},
    month = {October},
    howpublished = {{Available online: \url{https://doi.org/10.1061/(ASCE)0733-947X(2001)127:5(418)} [Accessed 01/03/2022]}}
}

@misc{settingsAndroid,
    author = {{Android Open Source Project}},
    title = {{Settings - Android Jetpack}},
    year = {2021},
    howpublished = {{Available online: \url{https://developer.android.com/guide/topics/ui/settings} [Accessed 09/03/2022]}}
}

@misc{toolbarAndroid,
	author = {{Android Open Source Project}},
	title = {Add the app bar},
	year = {2019},
	howpublished = {{Available online: \url{https://developer.android.com/training/appbar} [Accessed 25/04/2022]}}
}

@misc{resourcesAndroid,
	author = {{Android Open Source Project}},
	title = {App resources overview},
	year = {2022},
	howpublished = {{Available online: \url{https://developer.android.com/guide/topics/resources/providing-resources} [Accessed 25/04/2022]}}
}

@misc{SVGW3C,
	author = {{W3C SVG Working Group}},
	title = {Scalable Vector Graphics (SVG)},
	year = {2010},
	howpublished = {{Available online: \url{https://www.w3.org/Graphics/SVG/} [Accessed 25/04/2022]}}
}

@misc{viewBindingAndroid,
	author = {{Android Open Source Project}},
	title = {View Binding},
	year = {2022},
	howpublished = {{Available online: \url{https://developer.android.com/topic/libraries/view-binding} [Accessed 25/04/2022]}}
}

@misc{openJdk,
	author = {{Oracle Corporation}},
	title = {OpenJDK},
	year = {2022},
	howpublished = {{Available online: \url{https://openjdk.java.net/} [Accessed 25/04/2022]}}
}

@misc{electron,
	author = {{OpenJS Foundation}},
	title = {Electron},
	year = {2022},
	howpublished = {{Available online: \url{https://www.electronjs.org/} [Accessed 25/04/2022]}}
}

@article{JITHistory,
	author = {Aycock, John},
	title = {A Brief History of Just-in-Time},
	year = {2003},
	issue_date = {June 2003},
	publisher = {Association for Computing Machinery},
	address = {New York, NY, USA},
	volume = {35},
	number = {2},
	issn = {0360-0300},
	url = {https://doi.org/10.1145/857076.857077},
	doi = {10.1145/857076.857077},
	abstract = {Software systems have been using "just-in-time" compilation (JIT) techniques since the 1960s. Broadly, JIT compilation includes any translation performed dynamically, after a program has started execution. We examine the motivation behind JIT compilation and constraints imposed on JIT compilation systems, and present a classification scheme for such systems. This classification emerges as we survey forty years of JIT work, from 1960--2000.},
	journal = {ACM Comput. Surv.},
	month = {jun},
	pages = {97–113},
	numpages = {17},
	keywords = {Just-in-time compilation, dynamic compilation}
}

@misc{Swift1.0,
	author = {{Apple Inc.}},
	title = {Swift Has Reached 1.0},
	year = {2014},
	howpublished = {{Available online: \url{https://developer.apple.com/swift/blog/?id=14} [Accessed 25/04/2022]}}
}

@misc{androidstudio,
	author = {{Google LLC}},
	title = {Android Studio},
	year = {2022},
	howpublished = {{Available online: \url{https://developer.android.com/studio} [Accessed 26/04/2022]}}
}

@misc{googlePlay,
	author = {{Google LLC}},
	title = {How Google Play Works},
	month = {July},
	year = {2021},
	howpublished = {{Available online: \url{https://play.google.com/about/howplayworks/} [Accessed 26/04/2022]}}
}

@misc{FDroid,
	author = {{F-Droid Limited and Contributors}},
	title = {F-Droid},
	year = {2022},
	howpublished = {{Available online: \url{https://f-droid.org/en/} [Accessed 26/04/2022]}}
}

@misc{sideloading,
	author = {Sydney Butler},
	title = {What Is Sideloading, and What Are the Risks?},
	year = {2022},
	journal = {{How-To Geek}},
	howpublished = {{Available online: \url{https://www.howtogeek.com/773639/what-is-sideloading-and-should-you-do-it/} [Accessed 26/04/2022}}
}

@misc{permissionsAndroid,
	author = {{Android Open Source Project}},
	title = {Permissions on Android},
	year = {2022},
	howpublished = {{Available online: \url{https://developer.android.com/guide/topics/permissions/overview} [Accessed 26/04/2022]}}
}

@misc{supportLibAndroid,
	author = {{Android Open Source Project}},
	title = {Support Library},
	year = {2021},
	howpublished = {{Available online: \url{https://developer.android.com/topic/libraries/support-library} [Accessed 26/04/2022]}}
}

@misc{MIAC,
	author = {{Moboware, Inc}},
	title = {Macincloud},
	year = {2022},
	howpublished = {{Available online: \url{https://checkout.macincloud.com/} [Accessed 27/04/2022]}}
}

@misc{scalewayM1,
	author = {{Scaleway SAS}},
	title = {Simple Cloud Pricing},
	year = {2022},
	howpublished = {{Available online: \url{https://www.scaleway.com/en/pricing/#apple-silicon} [Accessed 27/04/2022]}}
}

@misc{gradle,
	author = {{Gradle Inc.}},
	title = {Gradle Build Tool},
	year = {2022},
	howpublished = {{Available online: \url{https://gradle.org/} [Accessed 28/04/2022]}}
}

@misc{mediaPlayerAndroid,
	author = {{Android Open Source Project}},
	title = {{MediaPlayer}},
	year = {2022},
	howpublished = {{Available online: \url{https://developer.android.com/reference/android/media/MediaPlayer} [Accessed 28/04/2022]}}
}

@misc{locationAndroid,
	author = {{Android Open Source Project}},
	title = {{LocationManager}},
	year = {2022},
	howpublished = {{Available online: \url{https://developer.android.com/reference/android/location/LocationManager} [Accessed 28/04/2022]}}
}

@book{tddByExample,
	author = {Kent Beck},
	title = {Test-Driven Development By Example },
	year = {2002},
	language = {en},
	publisher = {Pearson Education, Inc.},
	location = {Boston, MA, United States of America},
	isbn = {0-321-14653-0},
}

@misc{testingAndroid,
	author = {{Android Open Source Project}},
	title = {Fundamentals of testing Android apps},
	year = {2022},
	howpublished = {{Available online: \url{https://developer.android.com/training/testing/fundamentals} [Accessed 29/04/2022]}}
}

@misc{mvpAGuide,
	author = {Eric Ries},
	title = {Minimum Viable Product: a guide},
	year = {2009},
	howpublished = {{Available online \url{https://www.startuplessonslearned.com/2009/08/minimum-viable-product-guide.html} [Accessed 01/05/2022]}}
}

@misc{UILayerAndroid,
	author = {{Android Open Source Project}},
	title = {UI Layer},
	year = {2022},
	howpublished = {{Available online \url{https://developer.android.com/topic/architecture/ui-layer} [Accessed 01/05/2022]}}
}

@misc{appActionsBII,
	author = {{Android Open Source Project}},
	title = {UI Layer},
	year = {2022},
	howpublished = {{Available online \url{https://developers.google.com/assistant/app/intents} [Accessed 01/05/2022]}}
}

@misc{ONSHome,
	author = {{Office for National Statistics}},
	title = {Home - Office for National Statistics},
	year = {2022},
	howpublished = {{Available online \url{https://www.ons.gov.uk/} [Accessed 03/05/2022]}}
}

@misc{OrdananceSurvey,
	author = {{Ordanance Survey}},
	title = {Ordnance Survey | See A Better Place},
	year = {2022},
	howpublished = {{Available online \url{https://www.ordnancesurvey.co.uk/} [Accessed 03/05/2022]}}
}

@misc{dataGovUK,
	author = {{Government Digital Service}},
	title = {Find open data - data.gov.uk},
	year = {2022},
	howpublished = {{Available online \url{https://data.gov.uk/} [Accessed 03/05/2022]}}
}

@misc{sySpeedCamera,
	author = {{South Yorkshire Safety Cameras}},
	title = {South Yorkshire Safety Cameras},
	year = {2021},
	howpublished = {{Available online \url{https://www.safetycamera.org/} [Accessed 03/05/2022]}}
}

@misc{OpenStreetMap,
	author = {{OpenStreetMap contributors}},
	title = {OpenStreetMap},
	year = {2022},
	howpublished = {{Available online \url{https://www.openstreetmap.org} [Accessed 03/05/2022]}}
}

@misc{planetOSM,
	author = {{OpenStreetMap contributors}},
	title = {Planet OSM},
	year = {2022},
	howpublished = {{Available online \url{https://planet.openstreetmap.org/} [Accessed 03/05/2022]}}
}

@misc{planetOSMwiki,
	author = {{OpenStreetMap Wiki}},
	title = {Planet.osm --- OpenStreetMap Wiki},
	year = {2022},
	howpublished = {{Available online \url{https://wiki.openstreetmap.org/w/index.php?title=Planet.osm&oldid=2317990} [Accessed 03/05/2022]}}
}

@misc{OSMAPIv6,
	author = {{OpenStreetMap Wiki}},
	title = {API v0.6 --- OpenStreetMap Wiki},
	year = {2022},
	howpublished = {{Available online \url{https://wiki.openstreetmap.org/w/index.php?title=API_v0.6&oldid=2310018} [Accessed 03/05/2022]}}
}

@misc{overpassWiki,
	author = {{OpenStreetMap Wiki}},
	title = {{Overpass API --- OpenStreetMap Wiki}},
	year = {2022},
	howpublished = {{Available online \url{https://wiki.openstreetmap.org/w/index.php?title=Overpass_API&oldid=2269334} [Accessed 03/05/2022]}}
}